@article{slot_attention,
  author       = {Francesco Locatello and
                  Dirk Weissenborn and
                  Thomas Unterthiner and
                  Aravindh Mahendran and
                  Georg Heigold and
                  Jakob Uszkoreit and
                  Alexey Dosovitskiy and
                  Thomas Kipf},
  title        = {Object-Centric Learning with Slot Attention},
  journal      = {CoRR},
  volume       = {abs/2006.15055},
  year         = {2020},
  url          = {https://arxiv.org/abs/2006.15055},
  eprinttype    = {arXiv},
  eprint       = {2006.15055},
  timestamp    = {Wed, 01 Jul 2020 15:21:23 +0200},
  biburl       = {https://dblp.org/rec/journals/corr/abs-2006-15055.bib},
  bibsource    = {dblp computer science bibliography, https://dblp.org}
}

@misc{slot_diffusion,
      title={SlotDiffusion: Object-Centric Generative Modeling with Diffusion Models}, 
      author={Ziyi Wu and Jingyu Hu and Wuyue Lu and Igor Gilitschenski and Animesh Garg},
      year={2023},
      eprint={2305.11281},
      archivePrefix={arXiv},
      primaryClass={cs.CV}
}

@misc{slot_former,
      title={SlotFormer: Unsupervised Visual Dynamics Simulation with Object-Centric Models}, 
      author={Ziyi Wu and Nikita Dvornik and Klaus Greff and Thomas Kipf and Animesh Garg},
      year={2023},
      eprint={2210.05861},
      archivePrefix={arXiv},
      primaryClass={cs.CV}
}